<?xml version="1.0" encoding="UTF-8"?><collection xmlns="http://www.loc.gov/MARC21/slim"><record><leader>00405nam--2200121-i-4500</leader><controlfield tag="001">000026711</controlfield><controlfield tag="002">20161230</controlfield><controlfield tag="005">20161230201036</controlfield><controlfield tag="008">060222s1000------------r-----000-0-eng-d</controlfield><datafield ind1=" " ind2=" " tag="245"><subfield code="a">Instructuni privind autorizarea:de a construi, monta sirepara.., de a intretine ascensoare</subfield></datafield><datafield ind1=" " ind2=" " tag="260"><subfield code="a">De A Verifica Recipiente.</subfield></datafield><datafield ind1=" " ind2=" " tag="490"><subfield code="a">Bucuresti, Dir.Generala Pt.Metrologie, Standrde Si Inventii, 1963. 13p</subfield></datafield><datafield ind1=" " ind2=" " tag="852"><subfield code="a">531</subfield></datafield></record></collection>